@article{orszag_1971, title={Accurate solution of the Orr-Sommerfeld stability equation}, volume={50}, number={4}, journal={Journal of Fluid Mechanics}, author={Orszag, S. A.}, year={1971}, pages={689--703}}

@article{orszag_kells_1980, title={Transition to turbulence in plane Poiseuille and plane Couette flow}, volume={96}, number={1}, journal={Journal of Fluid Mechanics}, publisher={Cambridge University Press}, author={Orszag, S. A. and Kells, L. C.}, year={1980}, pages={159--205}}


@article{Biau2008,
  title = {Linear stability of channel entrance flow},
  author = {D. Biau},
  journal = {European Journal of Mechanics -- B/Fluids},
  volume = {27},
  pages = {579},
  numpages = {12},
  year = {2008},
}

@article{Mishra2015,
  title = {Dynamics of reversals and condensates in two-dimensional Kolmogorov flows},
  author = {Mishra, P. K. and Herault, J. and Fauve, S. and Verma, M. K.},
  journal = {Phys. Rev. E},
  volume = {91},
  issue = {5},
  pages = {053005},
  numpages = {12},
  year = {2015},
  month = {May},
  publisher = {American Physical Society},

}

@article{Boffetta2012,
author = {Boffetta, G. and Ecke, R. E.},
title = {Two-dimensional turbulence},
journal = {Annual Review of Fluid Mechanics},
volume = {44},
number = {1},
pages = {427--451},
year = {2012},
}

@article{Manz2002,
author = {Reyes, D. R. and Iossifidis, D. and Auroux, P-A. and Manz, A.},
title = {Micro total analysis systems. 1. Introduction, theory, and technology},
journal = {Analytical Chemistry},
volume = {74},
number = {12},
pages = {2623--2636},
year = {2002}
}

@article{LohseGrossmann1993,
author = {Lohse, D. and Grossmann, S.},
doi = {10.1016/0378-4371(93)90382-e},
journal = {Physica A: Statistical mechanics and its applications},
number = {1-4},
pages = {519--531},
title = {{Intermittency in turbulence}},
volume = {194},
year = {1993}
}
@article{LambertRangel2010,
author = {Lambert, R. A. and Rangel, R. H.},
doi = {10.1063/1.3410268},
journal = {Physics of Fluids},
number = {5},
pages = {52003},
title = {{The role of elastic flap deformation on fluid mixing in a microchannel}},
volume = {22},
year = {2010}
}
@article{Kim2010,
author = {Kim, S. and Huang, W-X. and Sung, H. J.},
volume = {661},
doi = {10.1017/S0022112010003514},
journal = {Journal of Fluid Mechanics},
pages = {511--521},
title = {{Constructive and destructive interaction modes between two tandem flexible flags in viscous flow}},

year = {2010}
}


@article{Beebe2010,
author = {Puccinelli, J. P. and Su, X. and Beebe, D. J.},
volume = {15},
doi = {doi:10.1016/j.jala.2009.10.002},
journal = {Journal of the Association for Laboratory Automation},
pages = {25-32},
title = {Automated high-throughput microchannel assays for cell biology: Operational optimization and characterization},
year = {2010}
}

@article{Hrvoje2007,
author = {Tukovic, Zeljko and Jasak, Hrvoje},
year = {2007},
month = {01},
pages = {55},
title = {Updated Lagrangian finite volume solver for large deformation dynamic response of elastic body},
volume = {31},
journal = {Transactions of FAMENA}
}


@article{Zhang2000,
author = {Zhang, J. and Childress, S. and Libchaber, A. and Shelley, M.},
doi = {10.1038/35048530},
journal = {Nature},
pages = {835--839},
title = {{Flexible filaments in a flowing soap film as a model for one-dimensional flags in a two-dimensional wind}},
volume = {408},
year = {2001}
}
@article{Kang2015,
author = {Kang, D.},
doi = {10.3390/mi6060765},
journal = {Micromachines},
number = {6},
pages = {765--777},
title = {{Effects of baffle configuration on mixing in a T-shaped micro-channel}},
volume = {6},
year = {2015}
}
@article{Hall2001,
author = {Dowell, E. H. and Hall, K. C.},
doi = {10.1146/annurev.fluid.33.1.445},
journal = {Annual Review of Fluid Mechanics},
number = {1},
pages = {445--490},
title = {{Modeling of fluid-strucutre interaction}},
volume = {33},
year = {2001}
}
@article{Watanabe2002,
author = {Watanabe, Y. and Suzuki, S. and Sugihara, M. and Sueoka, Y.},
doi = {10.1006/jfls.2001.0435},
journal = {Journal of Fluids and Structures},
number = {4},
pages = {529--542},
title = {{An experimental study of paper flutter}},
volume = {16},
year = {2002}
}
@article{Vandenberghe2004,
author = {Vandenberghe, N. and Zhang, J. and Childress, S.},
doi = {10.1017/s0022112004008468},
journal = {Journal of Fluid Mechanics},
month = {oct},
pages = {147--155},
title = {{Symmetry breaking leads to forward flapping flight}},
volume = {506},
year = {2004}
}
@article{Taneda1968,
author = {Sadatoshi, T.},
doi = {10.1143/JPSJ.24.392},
journal = {Journal of the Physical Society of Japan},
number = {2},
pages = {392--401},
title = {{Waving motions of flags}},
volume = {24},
year = {1968}
}
@article{Domenichini2006,
author = {Pedrizzetti, G. and Domenichini, F},
doi = {10.1017/s002211200600303x},
journal = {Journal of Fluid Mechanics},
pages = {321--330},
title = {{Flow-driven opening of a valvular leaflet}},
volume = {569},
year = {2006}
}

@article{Shelley2005,
author = {Alben, S. and Shelley, M.},
year = {2005},
month = {09},
pages = {11163--11166},
title = {Coherent locomotion as an attracting state for a free flapping body},
volume = {102},
journal = {Proceedings of the National Academy of Sciences of the United States of America},
doi = {10.1073/pnas.0505064102}
}



@article{Watanabe1994,
author = {Ihara, A. and Watanabe, H.},
year = {1994},
month = {08},
pages = {601--619},
title = {On the flow around flexible plates, oscillating with large amplitude},
volume = {8},
journal = {Journal of Fluids and Structures},
doi = {10.1006/jfls.1994.1030}
}

@article{Verzicco2009,
author = {de Tullio, M. and Cristallo, A. and Balaras, E. and Verzicco, R.},
year = {2009},
month = {03},
pages = {259--290},
title = {Direct numerical simulation of the pulsatile flow through an aortic bileaflet mechanical heart valve},
volume = {622},
journal = {Journal of Fluid Mechanics},
doi = {10.1017/S0022112008005156}

}

@article{Stroock2002,
author = {Stroock, A. D. and Dertinger, S. K. and Whitesides, G. M. and Ajdari, A.},
journal = {Analytical Chemistry},
number = {20},
pages = {5306--5312},
title = {{Patterning flows using grooved surfaces}},
volume = {74},
year = {2002}
}

@article{Borgano2013,
author = {Orchini, A. and Mazzino, A. and Guerrero, J. and Festa, R. and Boragno, C.},
year = {2013},
month = {09},
pages = {097105},
title = {Flapping states of an elastically anchored plate in a uniform flow with applications to energy harvesting by fluid-structure interaction},
volume = {25},
journal = {Physics of Fluids},
doi = {10.1063/1.4821808}
}

@article{Thompson2014,
author = {Thompson, M. C. and Radi, A. and Rao, A. and Sheridan, J. and Hourigan, K.},
journal = {Journal of Fluid Mechanics},
pages = {570--600},
title = {{Low-Reynolds-number wakes of elliptical cylinders: from the circular cylinder to the normal flat plate}},
volume = {751},
year = {2014}
}


@article{CampbellPaterson2011,
author = {Campbell, R. L. and Paterson, E.},
year = {2011},
month = {11},
pages = {1376--1391},
title = {Fluidâ€“structure interaction analysis of flexible turbomachinery},
volume = {27},
journal = {Journal of Fluids and Structures},
doi = {10.1016/j.jfluidstructs.2011.08.010}
}

@article{Holmes2012,
author = {Holmes, P. and Lumley, J. L. and Berkooz, G.},
journal = {Cambridge Monographs on Mechanics},
title = {Turbulence, coherent Structures, dynamical systems and symmetry},
pages = {20--85},
publisher = {Cambridge University Press},
year = {1996}
}
@article{Bhageri2012,
author = {Bagheri, S. and Mazzino, A. and Bottaro, A.},
journal = {Physical Review Letters},
month = {oct},
number = {15},
 pages = {154502},
title = {{Spontaneous symmetry breaking of a hinged flapping filament generates lift}},
volume = {109},
year = {2012}
}
@article{Balachandar1999,
author = {Robichaux, J. and Balachandar, S. and Vanka, S. P.},
journal = {Physics of Fluids},
number = {3},
pages = {560--578},
title = {{Three-dimensional Floquet instability of the wake of square cylinder}},
volume = {11},
year = {1999}
}
@article{Liu2010,
author = {Liu, K-K. and Wu, R-G and Chuang, Y-J and Khoo, H. S. and Huang, S-H. and Tseng, F-G.},
pages = {6623--6661},
journal = {Sensors},
volume = {10},
title = {{Microfluidic systems for biosensing}},
year = {2010}
}
@article{Stone2001,
author = {Selverov, K. P. and Stone, H. A.},
journal = {Physics of Fluids},
number = {7},
pages = {1837--1859},
title = {{Peristaltically driven channel flows with applications toward micromixing}},
url = {https://doi.org/10.1063/1.1377616},
volume = {13},
year = {2001}
}
@article{Chen2008,
author = {Chen, C'o-K. and Cho, C-C.},
journal = {Chemical Engineering Science},
number = {12},
pages = {3081--3087},
title = {{A combined active/passive scheme for enhancing the mixing efficiency of microfluidic devices}},
volume = {63},
year = {2008}
}
@article{Eloy2008,
author = {Eloy, C. and Lagrange, R. and Souilliez, C. and Schouveiler, L.},
journal = {Journal of Fluid Mechanics},
title = {{Aeroelastic instability of cantilevered flexible plates in uniform flow}},
volume = {611},
pages = {97--106},
year = {2008}
}
@article{Khatvakar2007,
author = {Khatavkar, V. and Anderson, P. and Toonder, J. and Meijer, H.},
journal = {Physics of Fluids},
title = {{Active micromixer based on artificial cilia}},
volume = {19},
year = {2007}
}
@article{ZhuPeskin2002,
author = {Zhu, L. and Peskin, C. S.},
journal = {Journal of Computational Physics},
number = {2},
pages = {452--468},
title = {{Simulation of a flapping flexible filament in a flowing soap film by the immersed boundary method}},
volume = {179},
year = {2002}
}
@article{Pinelli2015,
author = {Favier, J. and Revell, A. and Pinelli, A.},
journal = {Journal of Fluids and Structures},
pages = {26--35},
title = {{Numerical study of flapping filaments in a uniform fluid flow}},
volume = {53},
year = {2015}
}
@article{Caulfield2016,
author = {Deng, J. and Caulfield, C. P.},
journal = {Journal of Fluid Mechanics},
pages = {16--49},
title = {{Dependence on aspect ratio of symmetry breaking for oscillating foils: implications for flapping flight}},
volume = {787},
year = {2016}
}
@article{Yun2009,
author = {Heming, Y. and Chen, B. and Chen, B.},
journal = {International Conference on Micro/Nanoscale Heat Transfer, ASME 2009 Second International Conference on Micro/Nanoscale Heat and Mass Transfer},
pages = {271--277},
title = {{Numerical simulation of geometrical effects on the liquid flow and heat transfer in smooth rectangular microchannels}},
volume = {3},
year = {2009}
}
@article{Herbert1988,
author = {Bayly, B.},
journal = {Annual Review of Fluid Mechanics},
pages = {359--391},
title = {{Instability mechanisms in shear-flow transition}},
volume = {20},
year = {1988}
}
@article{Gluck2001,
author = {Gl{\"{u}}ck, M. and Breuer, M. and Durst, F. and Halfmann, A. and Rank, E.},
journal = {Journal of Wind Engineering and Industrial Aerodynamics},
number = {14-15},
pages = {1351--1368},
title = {{Computation of fluid-structure interaction on lightweight structures}},
volume = {89},
year = {2001}
}
@article{Young2012,
author = {Akcabay, D. T. and Young, Y. L.},
journal = {Physics of Fluids},
number = {5},
pages = {54106},
title = {{Hydroelastic response and energy harvesting potential of flexible piezoelectric beams in viscous flow}},
volume = {24},
year = {2012}
}

@article{Sreenivasan1987,
author = {Sreenivasan, K. R. and Strykowski, P. and Olinger, D.},
journal = {Forum on Unsteady Flow Separation},
year = {1987},
month = {01},
pages = {1--13}, 
title = {Hopf bifurcation, {L}andau equation, and vortex shedding behind circular cylinders},
volume = {52}
}

@article{Saha2003,
author = {Saha, A. K. and Biswas, G. and Muralidhar, K.},
issn = {0142--727X},
journal = {International Journal of Heat and Fluid Flow},
number = {1},
pages = {54--66},
title = {{Three-dimensional study of flow past a square cylinder at low Reynolds numbers}},
volume = {24},
year = {2003}
}


@article{Slone2002,
author = {Slone, A. K. and Pericleous, K. and Bailey, C. and Cross, M.},
year = {2002},
month = {03},
pages = {371--390},
title = {Dynamic fluidâ€“structure interaction using finite volume unstructured mesh procedures},
volume = {80},
journal = {Computers \& Structures},
doi = {10.1016/S0045-7949(01)00177-8}
}

@article{Kelley2004,
author = {Kelly, S. G.},
isbn = {0072300922},
publisher = {McGraw-Hill Inc., US},
Journal = {McGraw-Hill Inc., US},
title = {Fundamentals of mechanical vibrations},
year = {2000}
}
@article{Mittal2013,
author = {Mittal, R. and Erath, B. D. and Plesniak, M. W.},
journal = {Annual Review of Fluid Mechanics},
month = {mar},
number = {1},
pages = {437--467},
title = {{Fluid dynamics of human phonation and speech}},
volume = {45},
year = {2013}
}

@article{Casadei2001,
author = {Casadei, F. and Halleux, J. P. and Sala, A. and Chill{\`{e}}, F.},
year = {2001},
month = {03},
pages = {3081--3110},
title = {Transient fluid-structure algorithms for large industrial applications},
volume = {190},
journal = {Computer Methods in Applied Mechanics and Engineering},
doi = {10.1016/S0045-7825(00)00383-2}
}

@article{Gleeson2005,
author = {Gleeson, J. P.},
journal = {Physics of Fluids},
number = {10},
pages = {100614},
title = {{Transient micromixing: Examples of laminar and chaotic stirring}},
url = {https://aip.scitation.org/doi/abs/10.1063/1.1928627},
volume = {17},
year = {2005}
}

@article{Hunt1994,
author = {Kevlahan, N. and C. R. Hunt, J. and Vassilicos, J.},
year = {1994},
month = {01},
pages = {339--355},
title = {A comparison of different analytical techniques for identifying structures in turbulence},
volume = {53},
journal = {Applied Scientific Research},
doi = {10.1007/BF00849109}
}

@article{lohsearfm,
author = {Lohse, D. and Xia, K-Q.},
journal = {Annual Review of Fluid Mechanics},
number = {1},
pages = {335--364},
title = {{Small--scale properties of turbulent Rayleigh-B{\'{e}}nard convection}},
volume = {42},
year = {2010}
}
@article{ZhouJiang2013,
author = {Zhou, Q. and Jiang, L-F.},
journal = {Physics of Fluids},
number = {4},
pages = {45109},
title = {{Kinetic and thermal energy dissipation rates in two-dimensional Rayleigh-Taylor turbulence}},
volume = {28},
year = {2016}
}
@article{Grotberg2004,
author = {Grotberg, J. B. and Jensen, O. E.},
journal = {Annual Review of Fluid Mechanics},
number = {1},
pages = {121--147},
title = {{Biofluid mechanics in flexible tubes}},
volume = {36},
year = {2004}
}
@article{Pathak2012,
author = {Phelan, F. R. and Hughes, N. R. and Pathak, J. A.},
journal = {Physics of Fluids},
number = {2},
pages = {23101},
title = {{Chaotic mixing in microfluidic devices driven by oscillatory cross flow}},
url = {https://doi.org/10.1063/1.2830550},
volume = {20},
year = {2008}
}
@article{Ristroph2015,
author = {Becker, A. D. and Masoud, H. and Newbolt, J. W. and Shelley, M. and Ristroph, L.},
journal = {Nature Communications},
month = {jun},
number = {1},
pages = {8514},
title = {{Hydrodynamic schooling of flapping swimmers}},
volume = {6},
year = {2015}
}
@article{Shelley2011,
author = {Shelley, M. and Zhang, J.},
journal = {Annual Review of Fluid Mechanics},
number = {1},
pages = {449--465},
title = {{Flapping and bending bodies interacting with fluid flows}},
volume = {43},
year = {2011}
}
@article{Alben2008,
author = {Alben, S. and Shelley, M.},
journal = {Phys. Rev. Lett.},
month = {feb},
number = {7},
pages = {74301},
publisher = {American Physical Society},
title = {{Flapping states of a flag in an inviscid fluid: Bistability and the transition to chaos}},
volume = {100},
year = {2008}
}
@article{Whitesides2006,
author = {{M. Whitesides}, G.},
journal = {Nature},
pages = {368--373},
title = {The origins and the future of microfluidics},
volume = {442},
year = {2006}
}
@article{Hussain1995,
author = {Jeong, J. and Hussain, F.},
journal = {Journal of Fluid Mechanics},
number = {-1},
pages = {69--94},
title = {{On the identification of a vortex}},
volume = {285},
year = {1995}
}
@article{Jin2018,
author = {Jin, Y. and Kim, J-T. and Mao, Z. and Chamorro, L.},
journal = {Journal of Fluid Mechanics},
pages={R2},
title = {{On the couple dynamics of wall-mounted flexible plates in tandem}},
volume = {852},
year = {2018}
}


@article{Asgar2007,
author = {Bhagat, A. A. S. and T. K. Peterson, E. and Papautsky, I.},
year = {2007},
month = {05},
pages = {1017--1024},
title = {A passive planar micromixer with obstructions for mixing at low Reynolds number},
volume = {17},
journal = {Journal of Micromechanics and Microengineering},
doi = {10.1088/0960-1317/17/5/023}
}

@article{Jeng2007,
author = {Tzer-Ming, J. and Sheng-Chung, T.},
journal = {International Journal of Heat and Mass Transfer},
title = {{Pressure drop and heat transfer of square pin-fin arrays in in-line and staggered arrangements}},
pages={2364--2375},
volume = {50},
year = {2007}
}


@article{Hsieh2004,
author = {Hsieh, S-S. and Lin, C-Y. and Huang, C-F and Tsai, H-H},
volume = {14},
journal = {Journal of Micromechanics and Microengineering},
pages = {436--445},
title = {{Liquid flow in a micro-channel}},

year = {2004}
}

@article{LeeYou2013,
author = {Lee, J. and You, D.},
journal = {Physics of Fluids},
number = {11},
pages = {110811},
title = {{Study of vortex-shedding-induced vibration of a flexible splitter plate behind a cylinder}},
volume = {25},
year = {2013}
} 
@article{Hazel2011,
author = {Heil, M. and Hazel, A. L.},
journal = {Annual Review of Fluid Mechanics},
number = {1},
pages = {141-162},
title = {{Fluid-structure interaction in internal physiological flows}},
volume = {43},
year = {2011}
}
@article{Mahadevan2004,
author = {Argentina, M. and Mahadevan, L.},
journal = {Proceedings of the National Academy of Sciences of the United States of America},
number = {6},
pages = {1829--1834},
title = {{Fluid-flow-induced flutter of a flag}},
volume = {102},
year = {2005}
}
@article{Nguyen2010,
author = {Nguyen, V-T.},
journal = {Journal of Fluids and Structures},
number = {2},
pages = {312--329},
title = {{An arbitrary Lagrangian--Eulerian discontinuous Galerkin method for simulations of flows over variable geometries}},
volume = {26},
year = {2010}
}


@article{Nguyen2005,
author = {Nguyen, N-T. and Wu, Z.},
year = {2005},
month = {01},
pages = {1--16},
title = {Micromixers-- A review},
volume = {15},
journal = {Journal of Micromechanics and Microengineering},
doi = {10.1088/0960-1317/15/2/R01}
}


@article{Squires2005,
author = {T. M. Squires and S. R. Quake},
title = {Microfluidics: Fluid physics at the nanoliter scale},
pages = {977--1026},
journal = {{Rev. Mod. Phys.}},
volume = {77},
year = {2005}
}

@article{Whitesides2002,

author = {Stroock, A. and K. W. Dertinger, S. and Ajdari, A. and Mezic, I. and A. Stone, H. and M. Whitesides, G.},
year = {2002},
month = {02},
pages = {647-651},
title = {Chaotic Mixer for Microchannels},
volume = {295},
journal = {Science},
doi = {10.1126/science.1066238}
}



@article{Doare2013,
author = {Michelin, S. and Doar{\'{e}}, O.},
journal = {Journal of Fluid Mechanics},
pages = {489--504},
title = {{Energy harvesting efficiency of piezoelectric flags in axial flows}},
volume = {714},
year = {2013}
}
@article{CasadeiHalleux1995,
author = {Casadei, F. and Halleux, J. P.},
journal = {Computer Methods in Applied Mechanics and Engineering},
number = {3-4},
pages = {231--289},
title = {{An algorithm for permanent fluid-structure interaction in explicit transient dynamics}},
volume = {128},
year = {1995}
}
@article{Stone2004,
author = {Stone, H. A. and Stroock, A. D. and Ajdari, A.},
journal = {Annual Review of Fluid Mechanics},
number = {1},
pages = {381--411},
title = {{Engineering flows in small devices: Microfluidics toward a lab-on-a-chip}},
volume = {36},
year = {2004}
}

@article{Chung2011,

author = {Chung, C. K. and R. Shih, T. and K. Chang, C. and W. Lai, C. and H. Wu, B.},
year = {2011},
month = {04},
pages = {790--798},
title = {Design and experiments of a short-mixing-length baffled microreactor and its application to microfluidic synthesis of nanoparticles},
volume = {168},
journal = {Chemical Engineering Journal},
doi = {10.1016/j.cej.2010.12.035}

}

@article{Williamson1996,
author = {H. K. Williamson, C.},
year = {2003},
month = {11},
pages = {477--539},
title = {Vortex dynamics in the cylinder wake},
volume = {28},
journal = {Annual Review of Fluid Mechanics},
doi = {10.1146/annurev.fl.28.010196.002401}
}

@article{Rowley2014,
author = {Hemati, M. S. and Williams, M. O. and Rowley, C. W.},
journal = {Physics of Fluids},
number = {11},
pages = {111701},
title = {{Dynamic mode decomposition for large and streaming datasets}},
volume = {26},
year = {2014}
}
@article{JasakTukovik2006,
author = {Jasak, H. and Tukovic, Z.},
journal = {Transactions of FAMENA},
pages = {1--20},
title = {{Automatic mesh motion for the unstructured finite volume method}},
volume = {30},
year = {2006}
}
@article{Peng2009,
author = {Zhu, Q. and Peng, Z.},
journal = {Physics of Fluids},
number = {3},
pages = {33601},
title = {{Mode coupling and flow energy harvesting by a flapping foil}},
volume = {21},
year = {2009}
}
@article{Klienstreuer2009,
author = {Kleinstreuer, C.},
journal ={Fluid Mechanics and Its Applications, Springer},
title = {{Modern Fluid Dynamics: Basic theory and selected applications in macro- and micro-fluidics}},
volume = {87},
year = {2010}
}
@article{Kashid2011,
author = {Kashid, M. and Renken, A. and Kiwi-Minsker, L.},
journal = {Chemical Engineering Journal},
number = {2-3},
pages = {436--443},
title = {{Mixing efficiency and energy consumption for five generic microchannel designs}},
volume = {167},
year = {2011}
}
@article{Zenit2016,
author = {Guzm{\'{a}}n, J. and Hern{\'{a}}ndez-Badillo, C. and Zenit, R.},
journal = {Acta Mechanica},
number = {12},
pages = {3621--3637},
title = {{Experimental study of the deflections of curved plates exposed to pulsating cross-flows}},
volume = {227},
year = {2016}
}

